<?xml version="1.0" encoding="UTF-8"?><collection xmlns="http://www.loc.gov/MARC21/slim"><record><leader>00377nam--2200145-i-4500</leader><controlfield tag="001">000015578</controlfield><controlfield tag="002">20161230</controlfield><controlfield tag="005">20170220181702</controlfield><controlfield tag="008">060222s1000------------r-----000-0-eng-d</controlfield><datafield ind1=" " ind2=" " tag="245"><subfield code="a">Cartea interferentelor</subfield></datafield><datafield ind1=" " ind2=" " tag="260"><subfield code="a">Bucuresti</subfield><subfield code="b">Edit.Stiint.Si Enciclopedica</subfield><subfield code="c">1985</subfield></datafield><datafield ind1=" " ind2=" " tag="300"><subfield code="a">304 p</subfield></datafield><datafield ind1=" " ind2=" " tag="700"><subfield code="a">Balaceanu-Stolnici, Constantin</subfield></datafield><datafield ind1=" " ind2=" " tag="852"><subfield code="a">1:5</subfield></datafield><datafield ind1=" " ind2=" " tag="CAT"><subfield code="a">SYS</subfield><subfield code="c">20170220</subfield><subfield code="h">181702</subfield></datafield></record></collection>